
@InProceedings{boulier17:_next_syntac_model_type_theor,
  author =       {Simon Boulier and Pierre-Marie Pédrot and Nicolas Tabareau},
  title =        {The Next 700 Syntactical Models of Type Theory},
  booktitle = {Certified Programs and Proofs -- CPP 2017},
  year =      2017,
  pages =     {182--194},
  month =     {January}
}

@Manual{coq,
  title =        {The {C}oq proof assistant reference manual},
  author =       {The {C}oq development team},
  note =         {Version 8.6, available at \url{http://coq.inria.fr}},
  year =         {2017}
}

@Misc{reflections,
  key =       {reflections},
  author =    {Andrej Bauer and Philipp G.\ Haselwarter and Théo Winterhalter},
  title =     {The `translations' repository},
  howpublished = {Available at \url{https://github.com/TheoWinterhalter/translations/tree/types-2017}}}

